
@article{ATLASjets,
      title          = "{Jet energy measurement with the ATLAS detector in
                        proton-proton collisions at $\sqrt{s}=7$ TeV}",
      author         = "{ATLAS Collaboration}",
      journal        = "Eur. Phys. J.",
      volume         = "C73",
      pages          = "2304",
      doi            = "10.1140/epjc/s10052-013-2304-2",
      year           = "2013",
      eprint         = "1112.6426",
      archivePrefix  = "arXiv",
      primaryClass   = "hep-ex",
      reportNumber   = "CERN-PH-EP-2011-191",
      SLACcitation   = "%%CITATION = ARXIV:1112.6426;%%",
}

@misc{ATLASConfNote:PUcorrection,
      author         = "{ATLAS Collaboration}",
      title          = "{Pile-up subtraction and suppression for jets in ATLAS}",
      year           = "2013",
      howpublished   = "{ATLAS-CONF-2013-083}",
      SLACcitation   = "%%CITATION = ATLAS-CONF-2013-083 ETC.;%%",
}

@article{Cacciari:2008gn,
      author         = "Cacciari, Matteo and Salam, Gavin P. and Soyez, Gregory",
      title          = "{The Catchment Area of Jets}",
      journal        = "JHEP",
      volume         = "0804",
      pages          = "005",
      doi            = "10.1088/1126-6708/2008/04/005",
      year           = "2008",
      eprint         = "0802.1188",
      archivePrefix  = "arXiv",
      primaryClass   = "hep-ph",
      reportNumber   = "LPTHE-07-02",
      SLACcitation   = "%%CITATION = ARXIV:0802.1188;%%",
}

@article{ATLAS:JINST,
      title          = "{The ATLAS Experiment at the CERN Large Hadron Collider}",
      author         = "{ATLAS Collaboration}",
      journal        = "JINST",
      volume         = "3",
      pages          = "S08003",
      doi            = "10.1088/1748-0221/3/08/S08003",
      year           = "2008",
      SLACcitation   = "%%CITATION = JINST,3,S08003;%%",
}

@Article{Hocker:2007ht, 
author	=	 "Hoecker, Andreas and Speckmayer, Peter and Stelzer, Joerg and Therhaag, Jan and von Toerne, Eckhard and Voss, Helge",
title	 = 	 "{TMVA: Toolkit for Multivariate Data Analysis}",
journal	 = 	 "PoS",
volume	 = 	 "ACAT",
year	 = 	 "2007",
pages	 = 	 "040",
eprint	 = 	 "physics/0703039",
archivePrefix	 = 	 "arXiv",
SLACcitation	 = 	 "%%CITATION = PHYSICS/0703039;%%"}


@misc{ATLAS-CONF-2011-063,
      title         = "{Muon reconstruction efficiency in reprocessed 2010 LHC
                       proton-proton collision data recorded with the ATLAS
                       detector}",
      author         = "{ATLAS Collaboration}",
      year          = "2011",
      howpublished   = "{ATLAS-CONF-2011-063}",
}

@article{Sjostrand:2007gs,
      author         = "Sjostrand, Torbjorn and Mrenna, Stephen and Skands, Peter
                        Z.",
      title          = "{A Brief Introduction to PYTHIA 8.1}",
      journal        = "Comput. Phys. Commun.",
      volume         = "178",
      pages          = "852-867",
      doi            = "10.1016/j.cpc.2008.01.036",
      year           = "2008",
      eprint         = "0710.3820",
      archivePrefix  = "arXiv",
      primaryClass   = "hep-ph",
      reportNumber   = "CERN-LCGAPP-2007-04, LU-TP-07-28,
                        FERMILAB-PUB-07-512-CD-T",
      SLACcitation   = "%%CITATION = ARXIV:0710.3820;%%",
}

@article{Lai:2010vv,
      author         = "Lai, Hung-Liang and Guzzi, Marco and Huston, Joey and Li,
                        Zhao and Nadolsky, Pavel M. and others",
      title          = "{New parton distributions for collider physics}",
      journal        = "Phys. Rev.",
      volume         = "D82",
      pages          = "074024",
      doi            = "10.1103/PhysRevD.82.074024",
      year           = "2010",
      eprint         = "1007.2241",
      archivePrefix  = "arXiv",
      primaryClass   = "hep-ph",
      reportNumber   = "MSUHEP-100707, SMU-HEP-10-10",
      SLACcitation   = "%%CITATION = ARXIV:1007.2241;%%",
}

@misc{ATL-PHYS-PUB-2012-003,
      title         = "{Summary of ATLAS Pythia 8 tunes}",
      author        = "{ATLAS Collaboration}",
      howpublished  = "{ATL-PHYS-PUB-2012-003}",
      year          = "2012",
}


@article{Alioli:2010xd,
      author         = "Alioli, Simone and Nason, Paolo and Oleari, Carlo and Re,
                        Emanuele",
      title          = "{A general framework for implementing NLO calculations in
                        shower Monte Carlo programs: the POWHEG BOX}",
      journal        = "JHEP",
      volume         = "1006",
      pages          = "043",
      doi            = "10.1007/JHEP06(2010)043",
      year           = "2010",
      eprint         = "1002.2581",
      archivePrefix  = "arXiv",
      primaryClass   = "hep-ph",
      reportNumber   = "DESY-10-018, SFB-CPP-10-22, IPPP-10-11, DCPT-10-22",
      SLACcitation   = "%%CITATION = ARXIV:1002.2581;%%",
}
@article{Frixione:2007vw,
      author         = "Frixione, Stefano and Nason, Paolo and Oleari, Carlo",
      title          = "{Matching NLO QCD computations with Parton Shower
                        simulations: the POWHEG method}",
      journal        = "JHEP",
      volume         = "0711",
      pages          = "070",
      doi            = "10.1088/1126-6708/2007/11/070",
      year           = "2007",
      eprint         = "0709.2092",
      archivePrefix  = "arXiv",
      primaryClass   = "hep-ph",
      reportNumber   = "BICOCCA-FT-07-9, GEF-TH-21-2007",
      SLACcitation   = "%%CITATION = ARXIV:0709.2092;%%",
}
@article{Nason:2004rx,
      author         = "Nason, Paolo",
      title          = "{A New method for combining NLO QCD with shower Monte
                        Carlo algorithms}",
      journal        = "JHEP",
      volume         = "0411",
      pages          = "040",
      doi            = "10.1088/1126-6708/2004/11/040",
      year           = "2004",
      eprint         = "hep-ph/0409146",
      archivePrefix  = "arXiv",
      primaryClass   = "hep-ph",
      reportNumber   = "BICOCCA-FT-04-11",
      SLACcitation   = "%%CITATION = HEP-PH/0409146;%%",
}

@article{Aad:2010ah,
      title          = "{The ATLAS Simulation Infrastructure}",
      author         = "{ATLAS Collaboration}",
      journal        = "Eur. Phys. J.",
      volume         = "C70",
      pages          = "823-874",
      doi            = "10.1140/epjc/s10052-010-1429-9",
      year           = "2010",
      eprint         = "1005.4568",
      archivePrefix  = "arXiv",
      primaryClass   = "physics.ins-det",
      SLACcitation   = "%%CITATION = ARXIV:1005.4568;%%",
}

@article{Agostinelli:2002hh,
      author         = "Agostinelli, S. and others",
      title          = "{GEANT4: A Simulation toolkit}",
      collaboration  = "GEANT4",
      journal        = "Nucl. Instrum. Meth.",
      volume         = "A506",
      pages          = "250-303",
      doi            = "10.1016/S0168-9002(03)01368-8",
      year           = "2003",
      reportNumber   = "SLAC-PUB-9350, FERMILAB-PUB-03-339",
      SLACcitation   = "%%CITATION = NUIMA,A506,250;%%",
}

@misc{Lampl:1099735,
      author        = "{ATLAS Collaboration}",
      title         = "{Calorimeter Clustering Algorithms: Description and
                       Performance}",
      howpublished  = "{ATL-LARG-PUB-2008-002}",
      year          = "2008",
}

@article{Cojocaru:2004jk,
      title          = "{Hadronic calibration of the ATLAS liquid argon end-cap
                        calorimeter in the pseudorapidity region $1.6 < |\eta| < 1.8$ in beam tests}",
      journal        = "Nucl. Instrum. Meth.",
      author         = "{ATLAS Liquid Argon EMEC/HEC Collaboration}",
      volume         = "A531",
      pages          = "481-514",
      doi            = "10.1016/j.nima.2004.05.133",
      year           = "2004",
      eprint         = "physics/0407009",
      archivePrefix  = "arXiv",
      primaryClass   = "physics",
      reportNumber   = "MPP-2004-81",
      SLACcitation   = "%%CITATION = PHYSICS/0407009;%%",
}

@article{Cacciari:2008gp,
      author         = "Cacciari, Matteo and Salam, Gavin P. and Soyez, Gregory",
      title          = "{The anti-$k_t$ jet clustering algorithm}",
      journal        = "JHEP",
      volume         = "0804",
      pages          = "063",
      doi            = "10.1088/1126-6708/2008/04/063",
      year           = "2008",
      eprint         = "0802.1189",
      archivePrefix  = "arXiv",
      primaryClass   = "hep-ph",
      reportNumber   = "LPTHE-07-03",
      SLACcitation   = "%%CITATION = ARXIV:0802.1189;%%",
}

@article{Krohn:2013lba,
author         = "Krohn, David and Low, Matthew and Schwartz, Matthew D.
and Wang, Lian-Tao",
title          = "{Jet Cleansing: Pileup Removal at High Luminosity}",
year           = "2013",
eprint         = "1309.4777",
archivePrefix  = "arXiv",
primaryClass   = "hep-ph",
SLACcitation   = "%%CITATION = ARXIV:1309.4777;%%",
}

@article{Butterworth:2008iy,
      author         = "Butterworth, Jonathan M. and Davison, Adam R. and Rubin,
                        Mathieu and Salam, Gavin P.",
      title          = "{Jet substructure as a new Higgs search channel at the
                        LHC}",
      journal        = "Phys. Rev. Lett.",
      volume         = "100",
      pages          = "242001",
      doi            = "10.1103/PhysRevLett.100.242001",
      year           = "2008",
      eprint         = "0802.2470",
      archivePrefix  = "arXiv",
      primaryClass   = "hep-ph",
      SLACcitation   = "%%CITATION = ARXIV:0802.2470;%%",
}

@article{Ellis:2009su,
      author         = "Ellis, Stephen D. and Vermilion, Christopher K. and
                        Walsh, Jonathan R.",
      title          = "{Techniques for improved heavy particle searches with jet
                        substructure}",
      journal        = "Phys. Rev.",
      volume         = "D80",
      pages          = "051501",
      doi            = "10.1103/PhysRevD.80.051501",
      year           = "2009",
      eprint         = "0903.5081",
      archivePrefix  = "arXiv",
      primaryClass   = "hep-ph",
      SLACcitation   = "%%CITATION = ARXIV:0903.5081;%%",
}

@article{Ellis:2009me,
      author         = "Ellis, Stephen D. and Vermilion, Christopher K. and
                        Walsh, Jonathan R.",
      title          = "{Recombination Algorithms and Jet Substructure: Pruning
                        as a Tool for Heavy Particle Searches}",
      journal        = "Phys. Rev.",
      volume         = "D81",
      pages          = "094023",
      doi            = "10.1103/PhysRevD.81.094023",
      year           = "2010",
      eprint         = "0912.0033",
      archivePrefix  = "arXiv",
      primaryClass   = "hep-ph",
      SLACcitation   = "%%CITATION = ARXIV:0912.0033;%%",
}

@article{Trimming,
      author         = "Krohn, David and Thaler, Jesse and Wang, Lian-Tao",
      title          = "{Jet Trimming}",
      journal        = "JHEP",
      volume         = "1002",
      pages          = "084",
      doi            = "10.1007/JHEP02(2010)084",
      year           = "2010",
      eprint         = "0912.1342",
      archivePrefix  = "arXiv",
      primaryClass   = "hep-ph",
      SLACcitation   = "%%CITATION = ARXIV:0912.1342;%%",
}


@article{Martin:2009iq,
      author         = "Martin, A.D. and Stirling, W.J. and Thorne, R.S. and
                        Watt, G.",
      title          = "{Parton distributions for the LHC}",
      journal        = "Eur. Phys. J.",
      volume         = "C63",
      pages          = "189-285",
      doi            = "10.1140/epjc/s10052-009-1072-5",
      year           = "2009",
      eprint         = "0901.0002",
      archivePrefix  = "arXiv",
      primaryClass   = "hep-ph",
      reportNumber   = "IPPP-08-95, DCPT-08-190, CAVENDISH-HEP-08-16",
      SLACcitation   = "%%CITATION = ARXIV:0901.0002;%%",
}

@misc{ATLAS-CONF-2012-042,
      title         = "{Performance of the ATLAS Inner Detector Track and Vertex
                       Reconstruction in the High Pile-Up LHC Environment}",
      author         = "{ATLAS Collaboration}",
      year          = "2012",
      howpublished   = "{ATLAS-CONF-2012-042}",
      SLACcitation   = "%%CITATION = ATLAS-CONF-2012-042 ETC.;%%",
}


@misc{ATLAS-CONF-2013-086,
      title         = "{Jet Charge Studies with the ATLAS Detector Using
                    $\sqrt{s} = 8$ TeV Proton-Proton Collision Data}",
      author        = "{ATLAS Collaboration}",
      howpublished  = "{ATLAS-CONF-2013-086}",
      year          = "2013",
}

@article{Sjostrand:2006za,
      author         = "Sjostrand, Torbjorn and Mrenna, Stephen and Skands, Peter
                        Z.",
      title          = "{PYTHIA 6.4 Physics and Manual}",
      journal        = "JHEP",
      volume         = "0605",
      pages          = "026",
      doi            = "10.1088/1126-6708/2006/05/026",
      year           = "2006",
      eprint         = "hep-ph/0603175",
      archivePrefix  = "arXiv",
      primaryClass   = "hep-ph",
      reportNumber   = "FERMILAB-PUB-06-052-CD-T, LU-TP-06-13",
      SLACcitation   = "%%CITATION = HEP-PH/0603175;%%",
}

@article{Skands:2010ak,
      author         = "Skands, Peter Zeiler",
      title          = "{Tuning Monte Carlo Generators: The Perugia Tunes}",
      journal        = "Phys. Rev.",
      volume         = "D82",
      pages          = "074018",
      doi            = "10.1103/PhysRevD.82.074018",
      year           = "2010",
      eprint         = "1005.3457",
      archivePrefix  = "arXiv",
      primaryClass   = "hep-ph",
      reportNumber   = "MCNET-10-08, CERN-PH-TH-2010-113",
      SLACcitation   = "%%CITATION = ARXIV:1005.3457;%%",
}

@article{Pumplin:2002vw,
      author         = "Pumplin, J. and Stump, D.R. and Huston, J. and Lai, H.L.
                        and Nadolsky, Pavel M. and others",
      title          = "{New generation of parton distributions with
                        uncertainties from global QCD analysis}",
      journal        = "JHEP",
      volume         = "0207",
      pages          = "012",
      doi            = "10.1088/1126-6708/2002/07/012",
      year           = "2002",
      eprint         = "hep-ph/0201195",
      archivePrefix  = "arXiv",
      primaryClass   = "hep-ph",
      reportNumber   = "MSU-HEP-011101",
      SLACcitation   = "%%CITATION = HEP-PH/0201195;%%",
}

@article{Kersevan:2004yg,
      author         = "Kersevan, Borut Paul and Richter-Was, Elzbieta",
      title          = "{The Monte Carlo event generator AcerMC versions 2.0 to
                        3.8 with interfaces to PYTHIA 6.4, HERWIG 6.5 and ARIADNE
                        4.1}",
      journal        = "Comput. Phys. Commun.",
      volume         = "184",
      pages          = "919-985",
      doi            = "10.1016/j.cpc.2012.10.032",
      year           = "2013",
      eprint         = "hep-ph/0405247",
      archivePrefix  = "arXiv",
      primaryClass   = "hep-ph",
      reportNumber   = "TPJU-6-2004",
      SLACcitation   = "%%CITATION = HEP-PH/0405247;%%",
}

@misc{ATLAS-CONF-2012-138,
      title         = "{Light-quark and Gluon Jets: Calorimeter Response, Jet
                       Energy Scale Systematics and Properties}",
      author        = "{ATLAS Collaboration}",
      howpublished  = "{ATLAS-CONF-2012-138}",
      year          = "2012",
}


@misc{CMS-PAS-JME-13-005,
      title         = "{Pileup Jet Identification}",
      author        = "{CMS Collaboration}",
      howpublished  = "{CMS-PAS-JME-13-005}",
      year          = "2013",
}

@misc{ATLAS-CONF-2013-013,
      title         = "{Measurements of the properties of the Higgs-like boson in
                       the four lepton decay channel with the ATLAS detector using
                       25 fb$^{-1}$ of proton-proton collision data}",
      author        = "{ATLAS Collaboration}",
      howpublished  = "{ATLAS-CONF-2013-013}",
      year          = "2013",
}

@misc{ATLAS-CONF-2012-043,
      title         = "{Measurement of the b-tag Efficiency in a Sample of Jets
                       Containing Muons with 5 fb$^{-1}$ of Data from the ATLAS
                       Detector}",
      author        = "{ATLAS Collaboration}",
      howpublished  = "{ATLAS-CONF-2012-043}",
      year          = "2012",
}

@article{Gleisberg:2008ta,
      author         = "Gleisberg, T. and Hoeche, Stefan. and Krauss, F. and
                        Schonherr, M. and Schumann, S. and others",
      title          = "{Event generation with SHERPA 1.1}",
      journal        = "JHEP",
      volume         = "0902",
      pages          = "007",
      doi            = "10.1088/1126-6708/2009/02/007",
      year           = "2009",
      eprint         = "0811.4622",
      archivePrefix  = "arXiv",
      primaryClass   = "hep-ph",
      reportNumber   = "FERMILAB-PUB-08-477-T, SLAC-PUB-13420, ZU-TH-17-08,
                        DCPT-08-138, IPPP-08-69, EDINBURGH-2008-30, MCNET-08-14",
      SLACcitation   = "%%CITATION = ARXIV:0811.4622;%%",
}

@article{Mangano:2002ea,
      author         = "Mangano, Michelangelo L. and Moretti, Mauro and
                        Piccinini, Fulvio and Pittau, Roberto and Polosa, Antonio
                        D.",
      title          = "{ALPGEN, a generator for hard multiparton processes in
                        hadronic collisions}",
      journal        = "JHEP",
      volume         = "0307",
      pages          = "001",
      doi            = "10.1088/1126-6708/2003/07/001",
      year           = "2003",
      eprint         = "hep-ph/0206293",
      archivePrefix  = "arXiv",
      primaryClass   = "hep-ph",
      reportNumber   = "CERN-TH-2002-129, FTN-T-2002-06",
      SLACcitation   = "%%CITATION = HEP-PH/0206293;%%",
}

